@article{bartolucci2000,
	Author = {Bartolucci, Francesco and Forcina, Antonio},
	Coden = {ASTSC7},
	Date-Added = {2013-07-28 13:47:57 +0000},
	Date-Modified = {2013-07-28 13:48:05 +0000},
	Doi = {10.1214/aos/1015956713},
	Fjournal = {The Annals of Statistics},
	Issn = {0090-5364},
	Journal = {Ann. Statist.},
	Mrclass = {62H20 (62G10 62H15 62H17)},
	Mrnumber = {1811325 (2003b:62121)},
	Mrreviewer = {Bhaskar Bhattacharya},
	Number = {4},
	Pages = {1206--1218},
	Title = {A likelihood ratio test for {$\rm MTP\sb 2$} within binary variables},
	Url = {http://dx.doi.org/10.1214/aos/1015956713},
	Volume = {28},
	Year = {2000},
	Bdsk-Url-1 = {http://dx.doi.org/10.1214/aos/1015956713}}


@article{holland1986,
  title={Conditional association and unidimensionality in monotone latent variable models},
  author={Holland, Paul W and Rosenbaum, Paul R},
  journal={The Annals of Statistics},
  volume = {14},
  number = {4},
  pages={1523--1543},
  year={1986},
  publisher={JSTOR}
}


@article{balakrishnan2017,
author = "Balakrishnan, Sivaraman and Wainwright, Martin J. and Yu, Bin",
doi = "10.1214/16-AOS1435",
fjournal = "The Annals of Statistics",
journal = "Ann. Statist.",
month = "02",
number = "1",
pages = "77--120",
publisher = "The Institute of Mathematical Statistics",
title = "Statistical guarantees for the {EM} algorithm: From population to sample-based analysis",
url = "https://doi.org/10.1214/16-AOS1435",
volume = "45",
year = "2017"
}


@article{mchugh1956efficient,
  title={Efficient estimation and local identification in latent class analysis},
  author={McHugh, Richard B},
  journal={Psychometrika},
  volume={21},
  number={4},
  pages={331--347},
  year={1956},
  publisher={Springer}
}

@article{gilula1979singular,
  title={Singular value decomposition of probability matrices: Probabilistic aspects of latent dichotomous variables},
  author={Gilula, Zvi},
  journal={Biometrika},
  volume={66},
  number={2},
  pages={339--344},
  year={1979},
  publisher={Oxford University Press}
}

@article{Kruskal76,
	Author = {Kruskal, Joseph B.},
	Date-Modified = {2012-05-19 00:04:57 +0000},
	Fjournal = {Psychometrika. A Journal Devoted to the Development of Psychology as a Quantitative Rational Science},
	Issn = {0033-3123},
	Journal = {Psychometrika},
	Number = {3},
	Pages = {281--293},
	Title = {More factors than subjects, tests and treatments: an indeterminacy theorem for canonical decomposition and individual differences scaling},
	Volume = {41},
	Year = {1976}}

@article{Kruskal77,
	Author = {Kruskal, Joseph B.},
	Date-Modified = {2012-05-19 00:04:11 +0000},
	Journal = {Linear Algebra and Appl.},
	Mrclass = {15A69 (68A20)},
	Number = {2},
	Pages = {95--138},
	Title = {Three-way arrays: rank and uniqueness of trilinear decompositions, with application to arithmetic complexity and statistics},
	Volume = {18},
	Year = {1977}}

@article{dSL,
	Author = {de Silva, Vin and Lim, Lek-Heng},
	Date-Modified = {2012-02-10 00:55:08 +0000},
	Doi = {10.1137/06066518X},
	Fjournal = {SIAM Journal on Matrix Analysis and Applications},
	Issn = {0895-4798},
	Journal = {SIAM J. Matrix Anal. Appl.},
	Number = {3},
	Pages = {1084--1127},
	Title = {Tensor rank and the ill-posedness of the best low-rank approximation problem},
	Url = {http://dx.doi.org/10.1137/06066518X},
	Volume = {30},
	Year = {2008},
	Bdsk-Url-1 = {http://dx.doi.org/10.1137/06066518X}}

@article {ART2014,
    AUTHOR = {Allman, Elizabeth S. and Rhodes, John A. and Taylor, Amelia},
     TITLE = {A semialgebraic description of the general {M}arkov model on
              phylogenetic trees},
   JOURNAL = {SIAM J. Discrete Math.},
  FJOURNAL = {SIAM Journal on Discrete Mathematics},
    VOLUME = {28},
      YEAR = {2014},
    NUMBER = {2},
     PAGES = {736--755},
      ISSN = {0895-4801},
   MRCLASS = {60J20 (14P10 92D15)},
  MRNUMBER = {3206983},
       DOI = {10.1137/120901568},
       URL = {http://dx.doi.org/10.1137/120901568},
}

@article{ARM09,
	Author = {Allman, Elizabeth S. and Matias, Catherine and Rhodes, John A.},
	Coden = {ASTSC7},
	Date-Modified = {2012-05-19 00:06:32 +0000},
	Doi = {10.1214/09-AOS689},
	Fjournal = {The Annals of Statistics},
	Issn = {0090-5364},
	Journal = {Ann. Statist.},
	Number = {6A},
	Pages = {3099--3132},
	Title = {Identifiability of parameters in latent structure models with many observed variables},
	Url = {http://dx.doi.org/10.1214/09-AOS689},
	Volume = {37},
	Year = {2009},
	Bdsk-Url-1 = {http://dx.doi.org/10.1214/09-AOS689}}

@article{geiger2001stratified,
  title={Stratified exponential families: graphical models and model selection},
  author={Geiger, Dan and Heckerman, David and King, Henry and Meek, Christopher},
  journal={Annals of Statistics},
  pages={505--529},
  year={2001},
  publisher={JSTOR}
}

@article{garre2006avoiding,
  title={Avoiding boundary estimates in latent class analysis by {B}ayesian posterior mode estimation},
  author={Garre, Francisca Galindo and Vermunt, Jeroen K},
  journal={Behaviormetrika},
  volume={33},
  number={1},
  pages={43--59},
  year={2006},
  publisher={The Behaviormetric Society of Japan}
}

@article{MOZ,
	Author = {Micha{\l}ek, Mateusz and Oeding, Luke and Zwiernik, Piotr},
	Date-Added = {2017-08-31 09:33:04 +0000},
	Date-Modified = {2017-08-31 09:33:11 +0000},
	Doi = {10.1093/imrn/rnu056},
	Journal = {International Mathematics Research Notices},
	Keywords = {PZ},
	Number = {12},
	Pages = {4019-4063},
	Title = {Secant Cumulants and Toric Geometry},
	Volume = {2015},
	Year = {2015},
	Bdsk-Url-1 = {http://dx.doi.org/10.1093/imrn/rnu056}}

@article{KARLIN1980,
	Author = {Samuel Karlin and Yosef Rinott},
	Doi = {http://dx.doi.org/10.1016/0047-259X(80)90065-2},
	Issn = {0047-259X},
	Journal = {Journal of Multivariate Analysis},
	Number = {4},
	Pages = {467 - 498},
	Title = {Classes of orderings of measures and related correlation inequalities. I. Multivariate totally positive distributions},
	Url = {http://www.sciencedirect.com/science/article/pii/0047259X80900652},
	Volume = {10},
	Year = {1980},
	Bdsk-Url-1 = {http://www.sciencedirect.com/science/article/pii/0047259X80900652},
	Bdsk-Url-2 = {http://dx.doi.org/10.1016/0047-259X(80)90065-2}}


@article {Fallat,
    AUTHOR = {Fallat, Shaun and Lauritzen, Steffen and Sadeghi, Kayvan and
              Uhler, Caroline and Wermuth, Nanny and Zwiernik, Piotr},
     TITLE = {Total positivity in {M}arkov structures},
   JOURNAL = {Ann. Statist.},
  FJOURNAL = {The Annals of Statistics},
    VOLUME = {45},
      YEAR = {2017},
    NUMBER = {3},
     PAGES = {1152--1184},
      ISSN = {0090-5364},
   MRCLASS = {60E15 (15B48 62H99)},
  MRNUMBER = {3662451},
       DOI = {10.1214/16-AOS1478},
       URL = {http://dx.doi.org/10.1214/16-AOS1478},
}

@book {oberwolfach,
    AUTHOR = {Drton, Mathias and Sturmfels, Bernd and Sullivant, Seth},
     TITLE = {Lectures on algebraic statistics},
    SERIES = {Oberwolfach Seminars},
    VOLUME = {39},
 PUBLISHER = {Birkh\"auser Verlag, Basel},
      YEAR = {2009},
     PAGES = {viii+171},
      ISBN = {978-3-7643-8904-8},
   MRCLASS = {62-02 (13P25 14Q99 62-09 62F15 62H17 62H20)},
  MRNUMBER = {2723140},
MRREVIEWER = {Luis David Garc\'\i a-Puente},
       DOI = {10.1007/978-3-7643-8905-5},
       URL = {http://dx.doi.org/10.1007/978-3-7643-8905-5},
}

@inproceedings{boutilier1996context,
  title={Context-specific independence in Bayesian networks},
  author={Boutilier, Craig and Friedman, Nir and Goldszmidt, Moises and Koller, Daphne},
  booktitle={Proceedings of the Twelfth international conference on Uncertainty in artificial intelligence},
  pages={115--123},
  year={1996},
  organization={Morgan Kaufmann Publishers Inc.}
}

@book{lazarsfeld1968lsa,
	Address = {New York},
	Author = {Lazarsfeld, Paul F. and Henry, Neil W.},
	Date-Modified = {2015-05-25 04:01:49 +0000},
	Publisher = {Houghton, Mifflin},
	Title = {{Latent Structure Analysis}},
	Year = {1968}}


@article{lazarsfeld1950logical,
  title={The logical and mathematical foundation of latent structure analysis},
  author={Lazarsfeld, Paul F.},
  journal={Studies in Social Psychology in World War II Vol. IV: Measurement and Prediction},
  pages={362--412},
  year={1950},
  publisher={Princeton University Press}
}

@article{Anderson1954,
	Abstract = {The latent structure model considered here postulates that a population of individuals can be divided intom classes such that each class is ``homogeneous'' in the sense that for the individuals in the class the responses toN dichotomous items or questions are statistically independent. A method is given for deducing the proportions of the population in each latent class and the probabilities of positive responses to each item for individuals in each class from knowledge of the probabilities of positive responses for individuals from the population as a whole. For estimation of the latent parameters on the basis of a sample, it is proposed that the same method of analysis be applied to the observed data. The method has the advantages of avoiding implicitly defined and unobservable quantities, and of using relatively simple computational procedures of conventional matrix algebra, but it has the disadvantages of using only a part of the available information and of using that part asymmetrically.},
	Author = {Anderson, T. W.},
	Day = {01},
	Doi = {10.1007/BF02288989},
	Issn = {1860-0980},
	Journal = {Psychometrika},
	Month = {Mar},
	Number = {1},
	Pages = {1--10},
	Title = {On estimation of parameters in latent structure analysis},
	Url = {https://doi.org/10.1007/BF02288989},
	Volume = {19},
	Year = {1954},
	Bdsk-Url-1 = {https://doi.org/10.1007/BF02288989},
	Bdsk-Url-2 = {http://dx.doi.org/10.1007/BF02288989}}


@article {KRS,
    AUTHOR = {Kubjas, Kaie and Robeva, Elina and Sturmfels, Bernd},
     TITLE = {Fixed points {EM} algorithm and nonnegative rank boundaries},
   JOURNAL = {Ann. Statist.},
  FJOURNAL = {The Annals of Statistics},
    VOLUME = {43},
      YEAR = {2015},
    NUMBER = {1},
     PAGES = {422--461},
      ISSN = {0090-5364},
   MRCLASS = {62F10 (13P25)},
  MRNUMBER = {3311865},
MRREVIEWER = {Carlos Beltr\'an},
       DOI = {10.1214/14-AOS1282},
       URL = {http://dx.doi.org/10.1214/14-AOS1282},
}

@book {Lauritzen,
    AUTHOR = {Lauritzen, Steffen L.},
     TITLE = {Graphical models},
    SERIES = {Oxford Statistical Science Series},
    VOLUME = {17},
      NOTE = {Oxford Science Publications},
 PUBLISHER = {The Clarendon Press, Oxford University Press, New York},
      YEAR = {1996},
     PAGES = {x+298},
      ISBN = {0-19-852219-3},
   MRCLASS = {62-01 (05C90 60J99 62H05 62H10 62H17 68T30)},
  MRNUMBER = {1419991},
MRREVIEWER = {M. Studen\'y},
}

@article {Dunson,
    AUTHOR = {Bhattacharya, Anirban and Dunson, David B.},
     TITLE = {Simplex factor models for multivariate unordered categorical
              data},
   JOURNAL = {J. Amer. Statist. Assoc.},
  FJOURNAL = {Journal of the American Statistical Association},
    VOLUME = {107},
      YEAR = {2012},
    NUMBER = {497},
     PAGES = {362--377},
      ISSN = {0162-1459},
   MRCLASS = {62H17 (62F15 62G08 62H25 62H30 62P10)},
  MRNUMBER = {2949366},
MRREVIEWER = {Maria Sofia Massa},
       DOI = {10.1080/01621459.2011.646934},
       URL = {http://dx.doi.org/10.1080/01621459.2011.646934},
}

@book {bishop,
    AUTHOR = {Bishop, Christopher M.},
     TITLE = {Pattern recognition and machine learning},
    SERIES = {Information Science and Statistics},
 PUBLISHER = {Springer, New York},
      YEAR = {2006},
     PAGES = {xx+738},
      ISBN = {978-0387-31073-2; 0-387-31073-8},
   MRCLASS = {62-01 (62H30 62J05 62M45 68-01 68T05 68T10)},
  MRNUMBER = {2247587},
       DOI = {10.1007/978-0-387-45528-0},
       URL = {http://dx.doi.org/10.1007/978-0-387-45528-0},
}
@article{Goodman1979,
	Abstract = {In this note, we describe the iterative procedure introduced earlier by Goodman to calculate the maximum likelihood estimates of the parameters in latent structure analysis, and we provide here a simple and direct proof of the fact that the parameter estimates obtained with the iterative procedure cannot lie outside the allowed interval. Formann recently stated that Goodman's algorithm can yield parameter estimates that lie outside the allowed interval, and we prove in the present note that Formann's contention is incorrect.},
	Author = {Goodman, Leo A.},
	Day = {01},
	Doi = {10.1007/BF02293792},
	Issn = {1860-0980},
	Journal = {Psychometrika},
	Month = {Mar},
	Number = {1},
	Pages = {123--128},
	Title = {On the estimation of parameters in latent structure analysis},
	Url = {https://doi.org/10.1007/BF02293792},
	Volume = {44},
	Year = {1979},
	Bdsk-Url-1 = {https://doi.org/10.1007/BF02293792},
	Bdsk-Url-2 = {http://dx.doi.org/10.1007/BF02293792}}


@incollection {FienbergLC,
    AUTHOR = {Fienberg, Stephen E. and Hersh, Patricia and Rinaldo,
              Alessandro and Zhou, Yi},
     TITLE = {Maximum likelihood estimation in latent class models for
              contingency table data},
 BOOKTITLE = {Algebraic and geometric methods in statistics},
     PAGES = {27--62},
 PUBLISHER = {Cambridge Univ. Press, Cambridge},
      YEAR = {2010},
   MRCLASS = {62H17 (62H12)},
  MRNUMBER = {2642657},
MRREVIEWER = {David Benner Hitchcock},
}


@article{MR1394747,
	Author = {Eisenbud, David and Sturmfels, Bernd},
	Journal = {Duke Mathematical Journal},
	Number = {1},
	Pages = {1--45},
	Publisher = {Duke University Press},
	Title = {Binomial ideals},
	Volume = {84},
	Year = {1996}}


@article {haberman,
    AUTHOR = {Haberman, Shelby J.},
     TITLE = {Log-linear models for frequency tables derived by indirect
              observation: maximum likelihood equations},
   JOURNAL = {Ann. Statist.},
  FJOURNAL = {The Annals of Statistics},
    VOLUME = {2},
      YEAR = {1974},
     PAGES = {911--924},
      ISSN = {0090-5364},
   MRCLASS = {62F10 (62P10 92A10)},
  MRNUMBER = {0458687},
MRREVIEWER = {Edward D. Rothman},
       URL =
              {http://links.jstor.org/sici?sici=0090-5364(197409)2:5<911:LMFFTD>2.0.CO;2-O&origin=MSN},
}

@article{EMdiscussion,
  title={Discussion on the paper by {Dempster},  {Laird}, and {Rubin}},
  author={Stephen E. Fienberg},
   JOURNAL = {J. Roy. Statist. Soc. Ser. B},
  FJOURNAL = {Journal of the Royal Statistical Society. Series B.
              Methodological},
    VOLUME = {39},
      YEAR = {1977},
    NUMBER = {1},
     PAGES = {29--30},
      ISSN = {0035-9246},
}

@article {EM,
    AUTHOR = {Dempster, A. P. and Laird, N. M. and Rubin, D. B.},
     TITLE = {Maximum likelihood from incomplete data via the {EM}
              algorithm},
      NOTE = {With discussion},
   JOURNAL = {J. Roy. Statist. Soc. Ser. B},
  FJOURNAL = {Journal of the Royal Statistical Society. Series B.
              Methodological},
    VOLUME = {39},
      YEAR = {1977},
    NUMBER = {1},
     PAGES = {1--38},
      ISSN = {0035-9246},
   MRCLASS = {62F10},
  MRNUMBER = {0501537},
}

@article {allman2015,
    AUTHOR = {Allman, Elizabeth S. and Rhodes, John A. and Sturmfels, Bernd
              and Zwiernik, Piotr},
     TITLE = {Tensors of nonnegative rank two},
   JOURNAL = {Linear Algebra Appl.},
  FJOURNAL = {Linear Algebra and its Applications},
    VOLUME = {473},
      YEAR = {2015},
     PAGES = {37--53},
}

@article{CHKS,
    AUTHOR = {Catanese, Fabrizio and Ho\c{s}ten, Serkan and Khetan, Amit and
              Sturmfels, Bernd},
     TITLE = {The maximum likelihood degree},
   JOURNAL = {Amer. J. Math.},
    VOLUME = {128},
      YEAR = {2006},
    NUMBER = {3},
     PAGES = {671--697}}

@article {HKS,
    AUTHOR = {Ho\c{s}ten, Serkan and Khetan, Amit and Sturmfels, Bernd},
     TITLE = {Solving the likelihood equations},
   JOURNAL = {Found. Comput. Math.},
    VOLUME = {5},
      YEAR = {2005},
    NUMBER = {4},
     PAGES = {389--407}}
     
@book{pachter2005algebraic,
  title={Algebraic statistics for computational biology},
  author={Pachter, Lior and Sturmfels, Bernd},
  volume={13},
  year={2005},
  publisher={Cambridge university press}
}

@article{garcia2005algebraic,
    AUTHOR = {Garcia, Luis David and Stillman, Michael and Sturmfels, Bernd},
     TITLE = {Algebraic geometry of {B}ayesian networks},
   JOURNAL = {J. Symbolic Comput.},
  FJOURNAL = {Journal of Symbolic Computation},
    VOLUME = {39},
      YEAR = {2005},
    NUMBER = {3-4},
     PAGES = {331--355},
      ISSN = {0747-7171},
   MRCLASS = {68T30 (13P10 14N05 68T05)},
  MRNUMBER = {2168286},
MRREVIEWER = {Hsien-Kuei Hwang},
       DOI = {10.1016/j.jsc.2004.11.007},
       URL = {http://dx.doi.org/10.1016/j.jsc.2004.11.007},
}

@article{SM17,
   author = {Seigal, Anna and Mont\'ufar, Guido},
    title = {Mixtures and products in two graphical models},
     journal = {J. Algebraic Statistics},
     fjournal = {Journal of Algebraic Statistics},
     note = {to appear},
}
@article{allman2017maximum,
  title={Maximum likelihood estimation of the latent class model through model boundary decomposition},
  author={Allman, Elizabeth S and Cervantes, Hector Banos and Evans, Robin and Ho{\c{s}}ten, Serkan and Kubjas, Kaie and Lemke, Daniel and Rhodes, John A and Zwiernik, Piotr},
  journal={arXiv preprint arXiv:1710.01696},
  year={2017}
}
@article{lauritzen2019total,
  title={Total positivity in structured binary distributions},
  author={Lauritzen, Steffen and Uhler, Caroline and Zwiernik, Piotr},
  journal={arXiv preprint arXiv:1905.00516},
  year={2019}
}